<?xml version="1.0" encoding="UTF-8"?><collection xmlns="http://www.loc.gov/MARC21/slim"><record><leader>00416nam--2200157-i-4500</leader><controlfield tag="001">000020713</controlfield><controlfield tag="002">20161230</controlfield><controlfield tag="005">20170205010210</controlfield><controlfield tag="008">060222s1000------------r-----000-0-eng-d</controlfield><datafield ind1=" " ind2=" " tag="080"><subfield code="a">16</subfield></datafield><datafield ind1=" " ind2=" " tag="100"><subfield code="a">Tarnoveanu, M</subfield></datafield><datafield ind1=" " ind2=" " tag="245"><subfield code="a">Sisteme deontic-aletice transfinite de ordin zero</subfield></datafield><datafield ind1=" " ind2=" " tag="260"><subfield code="a">Bucuresti</subfield><subfield code="b">Editura Stiintifica Si Enciclopedica</subfield><subfield code="c">1983</subfield></datafield><datafield ind1=" " ind2=" " tag="300"><subfield code="a">286 p</subfield></datafield><datafield ind1=" " ind2=" " tag="852"><subfield code="a">80692</subfield></datafield><datafield ind1=" " ind2=" " tag="CAT"><subfield code="a">SYS</subfield><subfield code="c">20170205</subfield><subfield code="h">010210</subfield></datafield></record></collection>